@Book{Aho2007,
  author="Alfred V. {Aho} and Monica S. {Lam} and Ravi Sethi and Jeffery D. {Ullman}",
  title=" Compilers: Principles, Techniques, \& Tools (2nd edition)",
  year=2007,
  publisher="Pearson Addison Wesley",
  address="New York, New York",
}

@InProceedings{Condit2007,
  author="Jeremy Condit and Matthew Harren and Zachary Anderson and David Gay
          and George C. Necula",
  title="Dependent Types for Low-Level Programming",
  year=2007,
  booktitle="Proceedings of European Symposium on Programming (ESOP '07)",
  series="Lecture Notes in Computer Science",
  volume=4421,
  publisher="Springer-Verlag",
  pages="520-535",
  address="Heidelberg",
}

@InProceedings{Condit2009,
  author="Jeremy Condit and Brian Hackett and Shuvendu K. {Lahiri} and Shaz Qadeer",
  title="Unifying Type Checking and Property Checking for Low-Level Code",
  year=2009,
  booktitle="POPL '09: Proceedings of the 36th Annual {ACM} {SIGPLAN-SIGACT} Symposium 
             on Principles of Programming Languages",
  publisher="Association for Computing Machinery",
  address="New York, New York"
}
  
@InProceedings{Feng2006,
  author="Feng Zhou and Jeremy Condit and Zachary Anderson and Ilya Bagrak
          and Rob Ennals and Matthew Harren and George Necula and Eric Brewer",
  title="{SafeDrive}: Safe and Recoverable Extensions Using Language-Based Techniques",
  year=2006,
  booktitle="7th Symposium on Operating System Design and Implementation (OSDI'06)",
  publisher="{USENIX} Association",
  address="Seattle, Washington"
}

@Article{Grossman2005,
  author="Dan Grossman and Michael Hicks and Trevor Jim and and Greg Morrisett",
  title="Cyclone: A Type-Safe Dialect of {C}",
  year=2005,
  month=January,
  journal="{C}/{C}++ Users Journal",
  volume=23,
  number=1,
  publisher="{CMP} Media {LLC}"
}

@Book{Howard2003,
  author="Michael Howard and David LeBlanc",
  title="Writing Secure Code",
  edition="2nd",
  year=2003,
  address="Redmond, Washington",
  publisher="Microsoft Press"
}

@Misc{ISO2011,
  author="ISO",
   title="{ISO/IEC} 9899:2011 - {I}nformation {T}echnology - {P}rogramming {L}anguages -
          {C} ({C11} standard)",
   year=2011,
   address="Geneva",
   publisher="ISO/IEC"
}

@InProceedings{Jim2002,
  author="Trevor Jim and Greg Morrisett and Dan Grossman and Michael Hicks and James Cheney and and Yanling Wang",
  title="Cyclone: A Safe Dialect of {C}",
  year=2002,
  booktitle="{USENIX} Annual Technical Conference",
  publisher="{USENIX}",
  pages="275--288",
  address="Monterey, CA",
}

@Book{Jones2009,
  author="Derek M. {Jones}",
  title="The New {C} {S}tandard: An Economic and Cultural Commentary",
  note={Self-published: {\url{http://www.knosof.co.uk/cbook/.}}},
  year=2009,
  publisher="Knowledge Software Ltd"
}

@Misc{Mitre2015-128,
  author="{Mitre Corporation}",
  title="{CWE-128}: Wrap-around Error",
  howpublished={\url{http://cwe.mitre.org/data/definitions/128.html}},
  year=2015,
  note="Accessed December 23, 2015"
}

@Misc{Mitre2015-190,
  author="{Mitre Corporation}",
  title="{CWE-190}: Integer Overflow or Wraparound",
  howpublished={\url{http://cwe.mitre.org/data/definitions/190.html}},
  year=2015,
  note="Accessed December 23, 2015"
}

@Misc{Mitre2015-680,
  author="{Mitre Corporation}",
  title="{CWE-680}: Integer Overflow to Buffer Overflow",
  howpublished={\url{http://cwe.mitre.org/data/definitions/680.html}},
  year=2015,
  note="Accessed December 23, 2015"
}

@Article{Necula2005,
  author="George C. {Necula} and Jeremy Condit and Matthew Harren 
          and Scott McPeak and Westley Weimer",
  title="{CCured}: Type-Safe Retrofitting of Legacy Software",
  year=2005,
  journal="{ACM} Transactions on Programming Languages and Systems ({TOPLAS})",
  volume=27,
  number=3,
  publisher="Association for Computing Machinery",
  address="New York, New York",
}

@Misc{NIST2015,
  author="{National Institute of Standards and Technology}",
  title="{N}ational {V}ulnerability {D}atabase",
  year="2015",
  howpublished={\url{https://nvd.nist.gov/home.cfm}},
  note="Accessed August 27, 2015"
}

@Misc{ODonell2015,
  author="Carlos {O'Donell} and Martin Sebor",
  title="Updated Field Experience with Annex K -- Bounds Checking Interfaces",
  year=2015,
  publisher="ISO/IEC, Geneva: ISO/IEC JTC1/SC22/WG14 - C",
  howpublished={\url{http://www.open-std.org/jtc1/sc22/wg14/www/docs/n1969.htm}},
  note="Accessed December 23, 2015"
}

@Misc{OpenSSL2015,
 author="Mark J. {Cox} and Stephen Henson and Ben Laurie and others",
 title="{OpenSSL}",
 year=2015,
 howpublished={\url{http://openssl.org}}
}

@Book{Ritchie1988,
  author="Dennis C. {Ritchie} and Brian W. Kernighan",
  title="The C Programming Language",
  edition="2nd", 
  year=1988,
  publisher="Prentice Hall",
  address="Englewood Cliffs, New Jersey, USA"
}
